@STRING("Phys. Rev. Lett."=PRL)
%@STRING("PNAS"=PNAS)
%Proceedings of the National Academy of Sciences of the United States of America

@article{deVisser99,
   Author = {de Visser, J. A. G. M. and others},
   Title = {Diminishing returns from mutation supply rate in asexual populations},
   Journal = {Science},
   Volume = {283},
   Number = {5400},
   Pages = {404-406},
   Year = {1999} }
   

@book{Fisher58,
   Author = {Fisher, Ronald Aylmer},
   Title = {The genetical theory of natural selection},
   Publisher = {Dover},
   Address = {New York},
 Year = {1958} }
 
@article{Sniegowski97,
   Author = {Sniegowski, P. D. and others},
   Title = {Evolution of high mutation rates in experimental populations of E-coli},
   Journal = {Nature (London)}, 
   Volume = {387},
   Number = {6634},
   Pages = {703-705},
   Year = {1997} }
   
@article{Gerrish98,
   Author = {Gerrish, P. J. and others},
   Title = {The fate of competing beneficial mutations in an asexual population},
   Journal = {Genetica},
   Volume = {102/103},
   Pages = {127-144},
   Year = {1998} }
   
   
@article{Atwood51,
   Author = {Atwood, K. C. and others},
   Title = {Periodic Selection in Escherichia-Coli},
   Journal = PNAS,
   Volume = {37},
   Number = {3},
   Pages = {146-155},
 Year = {1951} }

@article{Shaver02,
   Author = {Shaver, A. C. and others},
   Title = {Fitness evolution and the rise of mutator alleles in experimental Escherichia coli populations},
   Journal = {Genetics},
   Volume = {162},
   Number = {2},
   Pages = {557-566},
   Year = {2002} }
   
@article{Elena96,
   Author = {Elena, S. F. and others},
   Title = {Punctuated evolution caused by selection of rare beneficial mutations},
   Journal = {Science},
   Volume = {272},
   Number = {5269},
   Pages = {1802-1804},
   Year = {1996} }
   
   
@article{Bianconi02,
   Author = {Bianconi, G.},
   Title = {Quantum statistics in complex networks},
   Journal = {Physical Review E},
   Volume = {66},
   Number = {5},
   Pages = {art. no.-056123},
   Year = {2002} }



@book{Tellis01,
   Author = {Tellis, Gerard J.},
   Title = {Will and Vision: How Latecomers Grow To Dominate Markets},
   Publisher = {McGraw-Hill},
   Address = {New York},
 Year = {2001} }


@book{Pethick01
   Author = {Pethick, C. and Smith, H.},
   Title = {Bose-Einstein Condensation in Dilute Gases},
   Publisher = {Cambridge University Press},
 Year = {2001} }



@article{Bianconi01,
   Author = {Bianconi, G. and others},
   Title = {Bose-Einstein condensation in complex networks},
   Journal = PRL,
   Volume = {86},
   Number = {24},
   Pages = {5632-5635},
   Year = {2001} }



@article{Sornette98,
   Author = {Sornette, D.},
   Title = {Multiplicative processes and power laws},
   Journal = {Physical Review E},
   Volume = {57},
   Number = {4},
   Pages = {4811-4813},
   Note = {ZH084
PHYS REV E},
 Year = {1998} }



@article{Takayasu97,
   Author = {Takayasu, H. and Sato, A. H. and Takayasu, M.},
   Title = {Stable infinite variance fluctuations in randomly amplified Langevin systems},
   Journal = PRL,
   Volume = {79},
   Number = {6},
   Pages = {966-969},
   Note = {XP977
PHYS REV LETT},
 Year = {1997} }



@article{Sornette97,
   Author = {Sornette, D. and Cont, R.},
   Title = {Convergent multiplicative processes repelled from zero: Power laws and truncated power laws},
   Journal = {Journal De Physique I},
   Volume = {7},
   Number = {3},
   Pages = {431-444},
   Note = {WM509
J PHYS I},
 Year = {1997} }



@article{Tellis96,
   Author = {Tellis, G. J. and Golder, P. N.},
   Title = {First to market, first to fail? Real causes of enduring market leadership},
   Journal = {Sloan Management Review},
   Volume = {37},
   Number = {2},
   Pages = {65-75},
   Year = {1996} }



@article{Levy96,
   Author = {Levy, M. and Solomon, S.},
   Title = {Power laws are logarithmic Boltzmann laws},
   Journal = {International Journal of Modern Physics C-Physics and Computers},
   Volume = {7},
   Number = {4},
   Pages = {595-601},
   Note = {VD311
INT J MOD PHYS C},
 Year = {1996} }



@article{Klafter96,
   Author = {Klafter, J. and Shlesinger, M. F. and Zumofen, G.},
   Title = {Beyond Brownian motion},
   Journal = {Physics Today},
   Volume = {49},
   Number = {2},
   Pages = {33-39},
   Year = {1996} }



@book{Toda95,
   Author = {Toda, M. Kubo, R. and Saito, N.},
   Title = {Statistical Physics I, Equilibrium Statistical Mechanics},
   Publisher = {Springer-Verlag, Berlin},
 Year = {1995} }



@article{Platt94,
   Author = {Platt, N. and Hammel, S. M. and Heagy, J. F.},
   Title = {Effects of additive noise on on-off intermittency},
   Journal = PRL,
   Volume = {72},
   Number = {22},
   Pages = {3498-3501},
 Year = {1994} }



@book{Ott93,
   Author = {Ott, E},
   Title = {Chaos in Dynamical System},
   Publisher = {Cambridge University Press},
 Year = {1993} }



@article{Golder93,
   Author = {Golder, P. N. and Tellis, G. J.},
   Title = {Pioneer Advantage - Marketing Logic or Marketing Legend},
   Journal = {Journal of Marketing Research},
   Volume = {30},
   Number = {2},
   Pages = {158-170},
   Year = {1993} }



@article{Bak88,
   Author = {Bak, P. and Tang, C. and Wiesenfeld, K.},
   Title = {Self-Organized Criticality},
   Journal = {Physical Review A},
   Volume = {38},
   Number = {1},
   Pages = {364-374},
 Year = {1988} }



@article{Bak87,
   Author = {Bak, P. and Tang, C. and Wiesenfeld, K.},
   Title = {Self-Organized Criticality - an Explanation of 1/F Noise},
   Journal = PRL,
   Volume = {59},
   Number = {4},
   Pages = {381-384},
 Year = {1987} }



@book{Colinvaux86,
   Author = {Colinvaux, Paul},
   Title = {Ecology},
   Address = {New York},
   Publisher = {Wiley},
 Year = {1986} }



@book{Gause64,
   Author = {Gause, G. F.},
   Title = {The struggle for existence},
   Address = {New York},
   Publisher = {Hafner},
 Year = {1964} }



@article{Hardin60,
   Author = {Hardin, G.},
   Title = {Competitive Exclusion Principle},
   Journal = {Science},
   Volume = {131},
   Number = {3409},
   Pages = {1292-1297},
 Year = {1960} }


@Book{Ricklefs00,
    author = "Robert E. Ricklefs",
    title = "The Economy of Nature, Fifth Edition",
    publisher = "W H Freeman \& Co.",
    year = "2000",
    holder = "book"
}

@Book{Verne85,
    author = "Verne Grant",
    title = "The evolutionary process : a critical review of evolutionary theory",
    publisher = "Columbia University Press",
    year = "1985",
    holder = "book"
}


@ARTICLE{Berryman73,
   author = "Berryman, A. A.",
   year = "1973",
   journal = "Canadian Entomologist",
   volume = "105",
   pages = "1465"
}


@ARTICLE{Gause37,
  AUTHOR =       "Gause, G. F.",
  TITLE =        "Experimental Populations of Microscopic Organisms",
  JOURNAL =      "Ecology",
  YEAR =         "1937",
  volume =       "18",
  number =       "2",
  pages =        "173-179",
  source =       "http://links.jstor.org/sici?sici=0012-9658%28193704%2918%3A2%3C173%3AEPOMO%3E2.0.CO%3B2-J
",
  file = F
}


@ARTICLE{Crombie45,
  AUTHOR =       "A. C. Crombie",
  TITLE =        "ON COMPETITION BETWEEN DIFFERENT SPECIES OF GRAMINIVOROUS INSECTS",
  JOURNAL =      "Proc. R. Soc. Lond., B",
  YEAR =         "1945",
  volume =       "132",
  number =       "869",
  pages =        "362-395",
  month =        "",
  note =         "",
  abstract =     "",
  keywords =     "",
  source =       "",
  file = F
}


PROCEEDINGS OF THE ROYAL SOCIETY OF LONDON SERIES B-BIOLOGICAL SCIENCES
@ARTICLE{Crombie47,
  AUTHOR =       "A. C. Crombie",
  TITLE =        "Interspecific Competition",
  JOURNAL =      "J. Anim. Ecol.",
  YEAR =         "1947",
  volume =       "16",
  number =       "1",
  pages =        "44-73",
  month =        "",
  note =         "",
  abstract =     "",
  keywords =     "",
  source =       "http://links.jstor.org/sici?sici=0021-8790%28194705%2916%3A1%3C44%3AIC%3E2.0.CO%3B2-2",
  file = F
}


@Misc{Footnote1,
  note = {We constrain our analysis to a large population of \textit{E. coli} so that we can expect $l \geq 1$ mutants at each step.}
}

